@book{hatfi94,
  title={Developing PowerBuilder 3 Applications},
  author={Hatfield, Bill},
  year={1994},
  publisher={Macmillan Publishing Co., Inc.}
}

@article{Giud18a,
  title = "What determines bitcoin exchange prices? A network VAR approach",
  journal = "Finance Research Letters",
  year = "2018",
  issn = "1544-6123",
  doi = "https://doi.org/10.1016/j.frl.2018.05.013",
  url = "http://www.sciencedirect.com/science/article/pii/S1544612318301284",
  author = "Paolo Giudici and Iman Abu-Hashish",
  keywords = "Bitcoin exchanges, Bitcoin price contagion, Network models"
}

@techreport{Houy14a,
  title = {The economics of Bitcoin transaction fees},
  author = {Houy, Nicolas},
  url = {https://ssrn.com/abstract=2400519},
  note = {Working paper GATE.},
  year = {2014},
  month = {feb},
  keywords = {Bitcoin, transaction fee, mining, crypto-currency},
  doi = {dx.doi.org/10.2139/ssrn.2400519}
}

@inproceedings{Mose15a,
  author={Malte M{\"o}ser and Rainer B{\"o}hme},
  year = {2015},
  month = {jan},
  pages = {19-33},
  title = {Trends, Tips, Tolls: A Longitudinal Study of Bitcoin Transaction Fees},
  booktitle={Financial Cryptography Workshops},
  isbn = {978-3-662-48050-2},
  doi = {10.1007/978-3-662-48051-9_2}
}

@article{Easl17a,
  author = {Easley, David and O'Hara, Maureen and Basu, Soumya},
  year = {2017},
  month = {jan},
  pages = {1-55},
  title = {From Mining to Markets: the Evolution of Bitcoin Transaction Fees},
  journal = {SSRN Electronic Journal},
  doi = {10.2139/ssrn.3055380}
}


@incollection{Wien56a,
  author = {Wiener, N.},
  booktitle = {Modern mathematics for engineers, Series I},
  citeulike-article-id = {3186928},
  publisher = {Beckenham, E. F.},
  keywords = {causal\_inference},
  posted-at = {2015-04-13 18:38:17},
  priority = {2},
  title = {{The theory of prediction}},
  year = {1956}
}

@article{Gran69,
  author={Granger, C W J},
  title={{Investigating Causal Relations by Econometric Models and Cross-Spectral Methods}},
  journal={Econometrica},
  year={1969},
  volume={37},
  number={3},
  pages={424-438},
  month={jul},
  url={https://ideas.repec.org/a/ecm/emetrp/v37y1969i3p424-38.html}
}

@article{Gran81,
  author={Granger, C W J},
  year = {1981},
  month = {may},
  pages = {121-130},
  title = {Some Properties of Time Series Data and Their Use in Econometric Model Specification},
  volume = {16},
  number={1},
  journal = {Journal of Econometrics},
  doi = {10.1016/0304-4076(81)90079-8}
  url={https://ideas.repec.org/a/eee/econom/v16y1981i1p121-130.html}
}
